@article{parlament2016verordnung,
title={Verordnung (EU) 2016/679 des Europ{\"a}ischen Parlaments und des Rates vom 27. April 2016 zum Schutz nat{\"u}rlicher Personen bei der Verarbeitung personenbezogener Daten, zum freien Datenverkehr und zur Aufhebung der Richtlinie 95/46/EG (Datenschutz-Grundverordnung)},
author={Parlament, Europ{\"a}isches and Rat, Europ{\"a}ischer},
journal={Amtsblatt der Europ{\"a}ischen Union, OJ L 119, 04.05},
pages={1--88},
year={2016}
}

@InProceedings{whisper,
  title = {Robust Speech Recognition via Large-Scale Weak Supervision},
  author = {Radford, Alec and Kim, Jong Wook and Xu, Tao and Brockman, Greg and Mcleavey, Christine and Sutskever, Ilya},
  booktitle = {Proceedings of the 40th International Conference on Machine Learning},
  pages = {28492--28518},
  year = {2023},
  editor = {Krause, Andreas and Brunskill, Emma and Cho, Kyunghyun and Engelhardt, Barbara and Sabato, Sivan and Scarlett, Jonathan},
  volume = {202},
  series = {Proceedings of Machine Learning Research},
  month = {23--29 Jul},
  publisher = {PMLR},
  pdf = {https://proceedings.mlr.press/v202/radford23a/radford23a.pdf},
  url = {https://proceedings.mlr.press/v202/radford23a.html},
}

@article{VergleichASR2023,
author = {Kuhn, Korbinian and Kersken, Verena and Reuter, Benedikt and Egger, Niklas and Zimmermann, Gottfried},
title = {Measuring the Accuracy of Automatic Speech Recognition Solutions},
year = {2024},
publisher = {Association for Computing Machinery},
address = {New York, NY, USA},
volume = {16},
number = {4},
issn = {1936-7228},
url = {https://doi.org/10.1145/3636513},
doi = {10.1145/3636513},
journal = {Association for Computing Machinery Transactions on Accessible Computing},
month = jan,
articleno = {25},
numpages = {23},
keywords = {Transcription, captions, real time, subtitles}
}

@misc{samba,
      title={Samba-ASR: State-Of-The-Art Speech Recognition Leveraging Structured State-Space Models}, 
      author={Syed Abdul Gaffar Shakhadri and Kruthika KR and Kartik Basavaraj Angadi},
      year={2025},
      eprint={2501.02832},
      archivePrefix={arXiv},
      primaryClass={cs.CL},
      url={https://arxiv.org/abs/2501.02832}, 
}

@misc{canary,
      title={Less is More: Accurate Speech Recognition \& Translation without Web-Scale Data}, 
      author={Krishna C. Puvvada and Piotr Żelasko and He Huang and Oleksii Hrinchuk and Nithin Rao Koluguri and Kunal Dhawan and Somshubra Majumdar and Elena Rastorgueva and Zhehuai Chen and Vitaly Lavrukhin and Jagadeesh Balam and Boris Ginsburg},
      year={2024},
      eprint={2406.19674},
      archivePrefix={arXiv},
      primaryClass={cs.CL},
      url={https://arxiv.org/abs/2406.19674}, 
}

@misc{noscribe, 
title = {noScribe. AI-powered Audio Transcription (Version 0.6.1)[Computer software]},
author = {Dröge},
year = {2024},
url = {https://github.com/kaixxx/noScribe}
}

@inproceedings{wer,
    title = "Word Error Rate Estimation for Speech Recognition: e-{WER}",
    author = "Ali, Ahmed  and
      Renals, Steve",
    editor = "GurER evych, Iryna  and
      Miyao, Yusuke",
    booktitle = "Proceedings of the 56th Annual Meeting of the Association for Computational Linguistics (Volume 2: Short Papers)",
    month = jul,
    year = "2018",
    address = "Melbourne, Australia",
    publisher = "Association for Computational Linguistics",
    url = "https://aclanthology.org/P18-2004/",
    doi = "10.18653/v1/P18-2004",
    pages = "20--24",
}

@misc{distilwhisper,
      title={Distil-Whisper: Robust Knowledge Distillation via Large-Scale Pseudo Labelling}, 
      author={Sanchit Gandhi and Patrick von Platen and Alexander M. Rush},
      year={2023},
      eprint={2311.00430},
      archivePrefix={arXiv},
      primaryClass={cs.CL},
      url={https://arxiv.org/abs/2311.00430}, 
}
